%% This BibTeX bibliography file was created using BibDesk.
%% https://bibdesk.sourceforge.io/

%% Created for Hari Sundaram at 2020-05-25 22:30:03 -0500 


%% Saved with string encoding Unicode (UTF-8) 



@book{McElreath2015,
	Author = {McElreath, Richard},
	Date-Added = {2020-05-25 22:29:41 -0500},
	Date-Modified = {2020-05-25 22:29:41 -0500},
	Publisher = {Chapman and Hall/CRC},
	Title = {Statistical rethinking: A Bayesian course with examples in R and Stan},
	Year = {2015},
	Bdsk-File-1 = {YnBsaXN0MDDSAQIDBFxyZWxhdGl2ZVBhdGhZYWxpYXNEYXRhXxCGLi4vLi4vLi4vLi4vRHJvcGJveC9Xb3JrL1BhcGVycyB0byBSZWFkL1twXSBtY2VscmVhdGgsIDIwMTUgLSBzdGF0aXN0aWNhbCByZXRoaW5raW5nIGEgYmF5ZXNpYW4gY291cnNlIHdpdGggZXhhbXBsZXMgaW4gciBhbmQgc3Rhbi5wZGZPEQK+AAAAAAK+AAIAAAxNYWNpbnRvc2ggSEQAAAAAAAAAAAAAAAAAAAAAAAAAQkQAAf////8fW3BdIG1jZWxyZWF0aCwgMjAxI0ZGRkZGRkZGLnBkZgAAAAAAAAAAAAAAAAAAAAAAAAAAAAAAAAAAAAAAAAAA/////wAAAAAAAAAAAAAAAAAEAAQAAAogY3UAAAAAAAAAAAAAAAAADlBhcGVycyB0byBSZWFkAAIAjy86VXNlcnM6aGFyaXN1bmRhcmFtOkRyb3Bib3g6V29yazpQYXBlcnMgdG8gUmVhZDpbcF0gbWNlbHJlYXRoLCAyMDE1IC0gc3RhdGlzdGljYWwgcmV0aGlua2luZyBhIGJheWVzaWFuIGNvdXJzZSB3aXRoIGV4YW1wbGVzIGluIHIgYW5kIHN0YW4ucGRmAAAOAL4AXgBbAHAAXQAgAG0AYwBlAGwAcgBlAGEAdABoACwAIAAyADAAMQA1ACAALQAgAHMAdABhAHQAaQBzAHQAaQBjAGEAbAAgAHIAZQB0AGgAaQBuAGsAaQBuAGcAIABhACAAYgBhAHkAZQBzAGkAYQBuACAAYwBvAHUAcgBzAGUAIAB3AGkAdABoACAAZQB4AGEAbQBwAGwAZQBzACAAaQBuACAAcgAgAGEAbgBkACAAcwB0AGEAbgAuAHAAZABmAA8AGgAMAE0AYQBjAGkAbgB0AG8AcwBoACAASABEABIAjVVzZXJzL2hhcmlzdW5kYXJhbS9Ecm9wYm94L1dvcmsvUGFwZXJzIHRvIFJlYWQvW3BdIG1jZWxyZWF0aCwgMjAxNSAtIHN0YXRpc3RpY2FsIHJldGhpbmtpbmcgYSBiYXllc2lhbiBjb3Vyc2Ugd2l0aCBleGFtcGxlcyBpbiByIGFuZCBzdGFuLnBkZgAAEwABLwAAFQACABP//wAAAAgADQAaACQArQAAAAAAAAIBAAAAAAAAAAUAAAAAAAAAAAAAAAAAAANv}}
