@inproceedings{molnar2013comedy,
  title={COMEDY: Viewer trade off between multimedia quality and monetary benefits},
  author={Molnar, Andreea and Muntean, Cristina Hava},
  booktitle={2013 IEEE International Symposium on Broadband Multimedia Systems and Broadcasting (BMSB)},
  pages={1--7},
  year={2013},
  organization={IEEE}
}

@inproceedings{oeldorf2012bad,
  title={How bad is good enough?: exploring mobile video quality trade-offs for bandwidth-constrained consumers},
  author={Oeldorf-Hirsch, Anne and Donner, Jonathan and Cutrell, Edward},
  booktitle={Proceedings of the 7th Nordic Conference on Human-Computer Interaction: Making Sense Through Design},
  pages={49--58},
  year={2012},
  organization={ACM}
}

@article{molnar2015assessing,
  title={Assessing learning achievements when reducing mobile video quality},
  author={Molnar, Andreea and Muntean, Cristina Hava},
  journal={Journal of Universal Computer Science},
  volume={21},
  number={7},
  pages={959--975},
  year={2015},
  publisher={Springer Verlag}
}

@article{chen2006cognitive,
  title={A cognitive approach to user perception of multimedia quality: An empirical investigation},
  author={Chen, Sherry Y and Ghinea, Gheorghita and Macredie, Robert D},
  journal={International Journal of Human-Computer Studies},
  volume={64},
  number={12},
  pages={1200--1213},
  year={2006},
  publisher={Elsevier}
}

@article{watson1996evaluating,
  title={Evaluating audio and video quality in low-cost multimedia conferencing systems},
  author={Watson, Anna and Sasse, Martina Angela},
  journal={Interacting with Computers},
  volume={8},
  number={3},
  pages={255--275},
  year={1996},
  publisher={OUP}
}

@inproceedings{claypool1999effects,
  title={The effects of jitter on the peceptual quality of video},
  author={Claypool, Mark and Tanner, Jonathan},
  booktitle={Proceedings of the seventh ACM international conference on Multimedia (Part 2)},
  pages={115--118},
  year={1999},
  organization={ACM}
}

@article{steinmetz1996human,
  title={Human perception of jitter and media synchronization},
  author={Steinmetz, Ralf},
  journal={IEEE Journal on selected Areas in Communications},
  volume={14},
  number={1},
  pages={61--72},
  year={1996},
  publisher={IEEE}
}

@article{knoche2008low,
  title={How low can you go? The effect of low resolutions on shot types in mobile TV},
  author={Knoche, Hendrik and Mccarthy, John D and Sasse, M Angela},
  journal={Multimedia Tools and Applications},
  volume={36},
  number={1-2},
  pages={145--166},
  year={2008},
  publisher={Springer}
}

@article{noll1993wideband,
  title={Wideband speech and audio coding},
  author={Noll, Peter},
  journal={IEEE Communications Magazine},
  volume={31},
  number={11},
  pages={34--44},
  year={1993},
  publisher={IEEE}
}